<?xml version="1.0" encoding="UTF-8"?><collection xmlns="http://www.loc.gov/MARC21/slim"><record><leader>00562nam--2200193-u-4500</leader><controlfield tag="001">000052485</controlfield><controlfield tag="002">20161230</controlfield><controlfield tag="005">20161230201050</controlfield><controlfield tag="008">100722s1000------------r-----000-0-rus-d</controlfield><datafield ind1=" " ind2=" " tag="040"><subfield code="a">IFIN-HH</subfield></datafield><datafield ind1=" " ind2=" " tag="041"><subfield code="a">rus</subfield></datafield><datafield ind1=" " ind2=" " tag="080"><subfield code="a">532.5</subfield></datafield><datafield ind1="1" ind2=" " tag="100"><subfield code="a">Nikitin, A.K</subfield></datafield><datafield ind1="1" ind2="0" tag="245"><subfield code="a">Gidrodinamiceskaia teoriia smazki i rascet podsipnikob skolijeniia, rabotaiusih v stationariom rejime</subfield><subfield code="c">A.K. Nikitin, K.S. Ahverdiev, B.I. Ostrouhov</subfield></datafield><datafield ind1=" " ind2=" " tag="260"><subfield code="a">Moskva</subfield><subfield code="b">Nauka</subfield><subfield code="c">1981</subfield></datafield><datafield ind1=" " ind2=" " tag="300"><subfield code="a">316 p</subfield></datafield><datafield ind1="1" ind2=" " tag="700"><subfield code="a">Ostrouhov, B.I</subfield></datafield><datafield ind1=" " ind2=" " tag="852"><subfield code="a">70075</subfield><subfield code="c">532</subfield></datafield><datafield ind1=" " ind2=" " tag="CAT"><subfield code="a">Sys</subfield><subfield code="c">20100722</subfield><subfield code="h">141346</subfield></datafield></record></collection>